@conference{virtualisation,
  author    = "Paul, Barham and B. Dragovic and K. Fraser and S. Hand and T. Harris and A. Ho and R. Neugebauer and I. Pratt and A. Warfield",
  title     = "Xen and the Art of Virtualisation",
  booktitle = "19th ACM Symposium on Operating Systems Principles",
  year      = "2003",
}

@article{nistcloudcomputing,
  author    = "Peter Mell and Timothy Grance",
  month     = "Spetember",
  year      = "2011",
  title     = "The \uppercase{NIST} definition of cloud computing",
  journal   = "Recommandation of National Institute of Standards and Technology",
}

@misc{dockerOverVMWare,
  author       = "Ben Kepes, redactor for Forbes",
  title        = "Docker Raising Monster Funding Round Because... VMware Disruption",
  howpublished = "\url{http://www.forbes.com/sites/benkepes/2014/08/06/docker-raising-monster-funding-round-because-vmware-disruption/}",
}

@conference{livemigration,
  author    = "Christopher, Clark and K. Fraser and S. Hand and J. G. Hansen and E. Jul and C. Limpach and I. Pratt and A. Warfield",
  title     = "Live Migration of Virtual Machines",
  booktitle = "2nd Symposium on Networked Systems Design and Implementation (NSDI’05)",
  year      = "2005",
}

@misc{websiteCloudcomputingmarket,
  author    = "Louis Colombus",
  month     = "November",
  year      = "2013",
  title     = "Roundup of Cloud Computing Forecasts Update, 2013",
  howpublished = "\url{http://www.forbes.com/sites/louiscolumbus/2013/11/16/roundup-of-cloud-computing-forecasts-update-2013/}",
}

@misc{websiteopenstack,
  author    = "openstack",
  title     = "official website for the openstack project",
  howpublished = "\url{http://www.openstack.org/}",
}

@conference{containersAsAlternative,
  author    = "Stephen Soltesz and Herbert Pötzl and Marc E. Fiuczynski and Andy Bavier and Larry Peterson",
  title     = "Container-based operating system virtualization: a scalable, high-performance alternative to hypervisors",
  booktitle = "EuroSys European Conference on Computer Systems",
  year      = "2007",
}

@misc{microservices,
  author    = "Pawel Pacana - Arkency",
  title     = "Microservices - 72 resources",
  howpublished = "\url{http://blog.arkency.com/2014/07/microservices-72-resources/}",
}
 
@conference{virtresiliency,
  author    = "Valentina Salapura",
  title     = "Cloud computing: Virtualization and resiliency for data center computing",
  booktitle = "30th International Conference of Computer Design",
  year      = "2012",
}

@conference{reassignmentElectricitysaving,
  author     = "Thomas Setzer and Alexander Stage",
  title      = "Decision support for virtual machine reassignments in enterprise data centers",
  booktitle  = "Network Operations and Management Symposium",
  year       = "2010",
}

@article{statisticalAssignment,
 author = {Mastroianni, Carlo and Meo, Michela and Papuzzo, Giuseppe},
 title = {Self-economy in Cloud Data Centers: Statistical Assignment and Migration of Virtual Machines},
 booktitle = {Proceedings of the 17th International Conference on Parallel Processing - Volume Part I},
 year = {2011},
} 

@conference{allocationHybrid,
  author    = "Ruben Van den Bossche, Kurt Vanmechelen and Jan Broeckhov",
  title     = "Cost-Optimal Scheduling in Hybrid IaaS Clouds for Deadline Constrained Workloads",
  booktitle = "3rd International Conference on Cloud Computing",
  year      = "2010",
}

@conference{allocationHeterogeneous,
  author    = "Mark Stillwell and Frédéric Vivien and Henri Casanova",
  title     = "Virtual Machine Resource Allocation for Service Hosting on Heterogeneous Distributed Platforms",
  booktitle = "Parallel \& Distributed Processing Symposium",
  year      = "2012",
}

@conference{mathsRrndlp,
  author    = "Neal E. Young",
  title     = "Randomized rounding without solving the linear program",
  booktitle = "6th ACM-SIAM Symposium on Discrete Algorithms",
  year      = "1995",
}

@phdthesis{mathsBpheuristics,
  author    = "David Stifler Johnson",
  title     = "Near-Optimal Bin Packing Algorithms",
  school    = "Massachusetts Institute of Technology",
  year      = "1967",
}

@article{variableSizeBinPacking,
  title    = "Variable size vector bin packing heuristics – Application to the machine reassignment problem",
  author   = "Michaël Gabay and Sofia Zaourar",
  booktitle = "Annals of Operations Research",
  year     = "2014",
}

@article{mathsRelaxedonlinebp,
  author    = "G. Gambosi and A. Postiglione and M. Talamo",
  title     = "Algorithms for the relaxed online bin-packing model",
  journal   = "SIAM Journal on Computing",
  year      = "2000",
  number    = "5",
  volume    = "30",
}

@article{mathsDynamiconlinebp,
  author    = "Joseph Wun-Tat and Chan Tak-Wah Lam and Prudence W.H. Wong",
  title     = "Dynamic Bin Packing of Unit Fractions Items",
  journal   = "Theoretical Computer Science",
  year      = "2008",
  number    = "8",
  volume    = "409",
}

@conference{reassignmentVisbp,
  author    = "Weijia Song and Zhen Xiao and Qi Chen and Haipeng Luo",
  title     = "Adaptive Resource Provisioning for the Cloud Using Online Bin Packing",
  year      = "2013",
  booktitle = "Transactions on Computers",
}

@article{allocationNetworkflow, 
  author    = "Kimish Patel and Murali Annavaram and Massoud Pedram",
  title     = "NFRA: Generalized Network Flow-Based Resource Allocation for Hosting Centers",
  journal   = "IEEE Transactions on Computers",
  volume    = "62",
  number    = "9",
  year      = "2013",
}

@article{algoAntcolony1,
  author    = "Lskrao Chimakurthi and Madhu Kumar SD",
  title     = "Power Efficient Resource Allocation for Clouds Using Ant Colony Framework",
  journal   = "CoRR",
  year      = "2011",
}

@conference{algoAntcolony2,
 author     = "Feller, Eugen and Rilling, Louis and Morin, Christine",
 title      = "Energy-Aware Ant Colony Based Workload Placement in Clouds",
 booktitle  = "Proceedings of the 2011 IEEE/ACM 12th International Conference on Grid Computing",
 year       = "2011",
} 

@article{algoAntcolony3,
  author    = "Linan Zhu and Qingshui Li and Lingna He",
  title     = "Study on Cloud Computing Resource Scheduling Strategy Based on the Ant Colony Optimization Algorithm",
  year      = "2012",
  journal   = "IJCSI International Journal of Computer Science",
  number    = "5",
  volume    = "9",
}

@conference{algoGenetics1,
  author    = "David Wilcox and Andrew McNabb and Kevin Seppi and Kelly Flanagan",
  title     = "Probabilistic Virtual Machine Assignment",
  year      = "2010",
  booktitle = "The First International Conference on Cloud Computing, GRIDs, and Virtualization",
}

@conference{algoGenetics2,
  author    = "David Wilcox and Andrew McNabb and Kevin Seppi",
  title     = "Solving virtual machine packing with a Reordering Grouping Genetic Algorithm",
  year      = "2010",
  booktitle = "IEEE Congress on Evolutionary Computation (CEC)",
}

@misc{websiteSimgrid,
  author    = "INRIA",
  title     = "SimGrid official website",
  howpublished = "\url{http://simgrid.gforge.inria.fr/}",
}

@misc{websiteCloudsim,
  author    = "Melbourne University",
  title     = "Project page of CloudSim",
  howpublished = "\url{https://code.google.com/p/cloudsim/}",
}

@misc{websiteRoadef,
  author    = "ROADEF members",
  title     = "ROADEF contest homepage",
  howpublished = "\url{http://challenge.roadef.org/}"
}

@article{roadefIp,
  title     = "Heuristics and matheuristics for a real-life machine reassignment problem",
  author    = "Ramon Lopes and Vinicius W.C. Morais and Thiago F. Noronha and Vitor A.A. Souza",
  journal   = "International Transactions in Operational Research",
}

@article{roadefBp1,
  title     = "An Iterated Local Search Heuristic for Multi-Capacity Bin Packing andMachine Reassignment Problem",
  author    = "Renaud Masson and Thibaut Vidal and Julien Michallet and Puca Huachi Vaz Penna andVinicius Petrucci and Anand Subramanian and Hugues Dubedout",
  journal   = "Expert Syst. Appl.",
  year      = "2013",
  number    = "30",
  volume    = "40",
}

@article{roadefBp2,
  title     = "An MDD Approach to Multidimensional Bin Packing",
  author    = "Brian Kell and Willem-Jan van Hoeve",
  journal   = "Integration of AI and OR Techniques in Constraint Programming for Combinatorial Optimization Problems Lecture Notes in Computer Science",
  volume    = "7874",
  year      = "2013",
}

@article{websiteCRIU,
  author    = "CRIU",
  title     = "Checkpoint/Restore In Userspace",
  howpublished = "\url{http://criu.org/}",
}

@article{website12Factors,
  author    = "12 Factors",
  title     = "The Twelve Factors",
  howpublished = "\url{http://12factor.net/}",
},
