@misc{website:cloudcomputingmarket,
    author    = "Louis Colombus",
    month     = "November",
    year      = "2013",
    title     = "Roundup of Cloud Computing Forecasts Update, 2013",
    url       = "http://www.forbes.com/sites/louiscolumbus/2013/11/16/roundup-of-cloud-computing-forecasts-update-2013/",
}

@conference{virtualisation,
    author    = {Paul, Barham and B. Dragovic and K. Fraser and S. Hand and T. Harris and A. Ho and R. Neugebauer and I. Pratt and A. Warfield},
    title     = "Xen and the Art of Virtualisation",
    booktitle = "19th ACM Symposium on Operating Systems Principles",
    year      = "2003",
}

@conference{livemigration,
    author    = {Christopher, Clark and K. Fraser and S. Hand and J. G. Hansen and E. Jul and C. Limpach and I. Pratt and A. Warfield},
    title     = "Live Migration of Virtual Machines",
    booktitle = "2nd Symposium on Networked Systems Design and Implementation (NSDIâ€™05)",
    year      = "2005",
}
 
